<?xml version="1.0" encoding="UTF-8"?><collection xmlns="http://www.loc.gov/MARC21/slim"><record><leader>00389nam--2200133-i-4500</leader><controlfield tag="001">000008768</controlfield><controlfield tag="002">20161230</controlfield><controlfield tag="005">20161230201027</controlfield><controlfield tag="008">060222s1000------------r-----000-0-eng-d</controlfield><datafield ind1=" " ind2=" " tag="080"><subfield code="a">..</subfield></datafield><datafield ind1=" " ind2=" " tag="100"><subfield code="a">Cairns,E.J.And Liebhafsky,H.A</subfield></datafield><datafield ind1=" " ind2=" " tag="245"><subfield code="a">Fuel cells and fuel batteries.a guide to their research and development</subfield></datafield><datafield ind1=" " ind2=" " tag="260"><subfield code="a">New York,John Wiley And Sons,Inc.,1968. X+ 695 P</subfield></datafield><datafield ind1=" " ind2=" " tag="852"><subfield code="a">30175</subfield></datafield></record></collection>